@misc{WinNT,
author = {Joseph Wright and Vedran Miletić and Till Tantau},
title = {{beamer – A LaTeX class for producing presentations and slides}},
howpublished = {\url{https://ctan.org/pkg/beamer}}
}

@misc{claw,
author = {Wilke, Adrian},
title = {{Claw LaTeX Beamer Template}},
howpublished = {\url{https://github.com/adibaba/templates}}
}
