@misc{LatexGuide,
  author = {Tobias Oetiker and Hubert Partl and Irene Hyna and Elisabeth Schlegl},
  year   = {2016},
  title  = {{The Not So Short Introduction To \LaTeXe{}}},
  url    = {https://tobi.oetiker.ch/lshort/lshort.pdf},
  note   = {{Checked} 2017-12-18.},
}


@misc{CTAN,
  author = {{The CTAN Team}},
  year   = {2017},
  title  = {{CTAN Comprehensive \TeX{} Archive Network}},
  url    = {https://ctan.org},
  note   = {{Checked} 2017-12-18.},
}
